<?xml version="1.0" encoding="UTF-8"?>
<SOAP-ENV:Envelope xmlns:SOAP-ENV="http://schemas.xmlsoap.org/soap/envelope/" xmlns:of="http://oss.dbc.dk/ns/openformat" xmlns:ofo="http://oss.dbc.dk/ns/openformatoutput"><SOAP-ENV:Body><of:formatResponse><marc:record xmlns:marc="http://www.loc.gov/MARC21/slim"><leader>00000nam a22000000c 4500</leader><controlfield tag="001">870970:29036748</controlfield><controlfield tag="003">DKDLA</controlfield><controlfield tag="005">20111128180631.0</controlfield><controlfield tag="007">ta</controlfield><controlfield tag="008">111027s2011    dk ||||&lt;marcx:subfield xmlns:marcx="info:lc/xmlns/marcxchange-v1" xmlns:ns1="http://oss.dbc.dk/ns/openformat" xmlns:of="http://oss.dbc.dk/ns/openformat" xmlns:os="http://oss.dbc.dk/ns/opensearch" code="x"&gt;01&lt;/marcx:subfield&gt;&lt;marcx:subfield xmlns:marcx="info:lc/xmlns/marcxchange-v1" xmlns:ns1="http://oss.dbc.dk/ns/openformat" xmlns:of="http://oss.dbc.dk/ns/openformat" xmlns:os="http://oss.dbc.dk/ns/opensearch" code="x"&gt;02&lt;/marcx:subfield&gt;|   | 00||udan||</controlfield><datafield ind1="1" ind2=" " tag="100"><subfield code="a">Weinhold, Angela</subfield><subfield code="4">aut</subfield><subfield code="4">ill</subfield></datafield><datafield ind1=" " ind2="0" tag="245"><subfield code="a">Farlige dyr</subfield></datafield><datafield ind1=" " ind2=" " tag="260"><subfield code="b">Klematis,</subfield><subfield code="c">2011</subfield></datafield><datafield ind1=" " ind2=" " tag="300"><subfield code="a">[14] sider</subfield></datafield></marc:record></of:formatResponse></SOAP-ENV:Body></SOAP-ENV:Envelope>
